@String{acmp   = "ACM Press"}

@String{acsac  = "Annual Computer Security Applications Conference"}

@String{acta   = "Acta Informatica"}

@String{afp    = "Advanced Functional Programming"}

@String{amast  = "International Conference on Algebraic Methodology and
                 Software Technology (AMAST)"}

@String{ams    = "American Mathematical Society"}

@String{ap     = "Academic Press"}

@String{apal   = "Annals of Pure and Applied Logic"}

@String{aplas  = "Asian Symposium on Programming Languages and Systems
                 (APLAS)"}

@String{asian  = "Asian Computer Science Conference ({ASIAN})"}

@String{atva   = "Automated Technology for Verification and Analysis
                 (ATVA)"}

@String{aw     = "Addison-Wesley"}

@String{cacm   = "Communications of the {ACM}"}

@String{cade   = "International Conference on Automated Deduction
                 (CADE)"}

@String{carleton = "Carleton Scientific"}

@String{cassis = "Construction and Analysis of Safe, Secure and
                 Interoperable Smart devices (CASSIS)"}

@String{cav    = "Computer Aided Verification (CAV)"}

@String{cc     = "Compiler Construction (CC)"}

@String{cdcs   = "International Conference on Distributed Computing
                 Systems (CDCS)"}

@String{cgo    = "Code Generation and Optimization (CGO)"}

@String{cj     = "Computer Journal"}

@String{computer = "Computer"}

@String{concur = "International Conference on Concurrency Theory
                 (CONCUR)"}

@String{coqpl  = "Workshop on Coq for Programming Languages"}

@String{cpp    = "Certified Programs and Proofs (CPP)"}

@String{csfw   = "{IEEE} Computer Security Foundations Workshop"}

@String{csl    = "Computer Science Logic"}

@String{cup    = "Cambridge University Press"}

@String{dac    = "Design Automation Conference (DAC)"}

@String{decsrc = "Digital Equipment Corporation, Systems Research
                 Center"}

@String{dls    = "Symposium on Dynamic Languages"}

@String{dspg   = "Domain-Specific Program Generation (DSPG)"}

@String{ecoop  = "European Conference on Object-Oriented Programming
                 (ECOOP)"}

@String{ellis  = "Ellis Horwood"}

@String{elsevier = "Elsevier"}

@String{entcs  = "Electronic Notes in Theoretical Computer Science"}

@String{esa    = "Algorithms (ESA)"}

@String{esop   = "European Symposium on Programming (ESOP)"}

@String{esorics = "European Symposium on Research in Computer Security"}

@String{eurosys = "EuroSys"}

@String{fac    = "Formal Aspects of Computing"}

@String{fics   = "International workshop on Fixed Points in Computer
                 Science (FICS)"}

@String{flops  = "Functional and Logic Programming"}

@String{fm     = "Formal Methods (FM)"}

@String{fmco   = "Formal Methods for Components and Objects"}

@String{fmsd   = "Formal Methods in System Design"}

@String{fool   = "Foundations of Object-Oriented Languages (FOOL)"}

@String{fopara = "Foundational and Practical Aspects of Resource
                 Analysis"}

@String{fosad  = "Foundations of Security Analysis and Design"}

@String{fossacs = "Foundations of Software Science and Computation
                 Structures ({FOSSACS})"}

@String{fpca   = "Functional Programming Languages and Computer
                 Architecture (FPCA)"}

@String{fscd   = "Formal Structures for Computation and Deduction
                 (FSCD)"}

@String{fse    = "Workshop on Foundations of Software Engineering"}

@String{fsttcs = "Foundations of Software Technology and Theoretical
                 Computer Science (FSTTCS)"}

@String{ftfjp  = "Formal Techniques for {Java}-like Programs"}

@String{fundamenta = "Fundamenta Informaticæ"}

@String{gcse   = "Generative and Component-Based Software Engineering"}

@String{gpce   = "Generative Programming and Component Engineering
                 (GPCE)"}

@String{hav    = "Heap Analysis and Verification (HAV)"}

@String{hilt   = "ACM SIGAda Annual Conference on High Integrity
                 Language Technology (HILT)"}

@String{hlcl   = "High-Level Concurrent Languages (HLCL)"}

@String{hoots  = "Higher Order Operational Techniques in Semantics
                 (HOOTS)"}

@String{hopl   = "History of Programming Languages"}

@String{hosc   = "Higher-Order and Symbolic Computation"}

@String{hotpar = "USENIX Conference on Hot Topics in Parallelism
                 (HotPar)"}

@String{hs     = "Haskell symposium"}

@String{hw     = "Haskell workshop"}

@String{ic     = "Information and Computation"}

@String{icalp  = "International Colloquium on Automata, Languages and
                 Programming"}

@String{icfem  = "International Conference on Formal Engineering Methods
                 (ICFEM)"}

@String{icfp   = "International Conference on Functional Programming
                 (ICFP)"}

@String{iclp   = "International Conference on Logic Programming (ICLP)"}

@String{icse   = "International Conference on Software Engineering
                 ({ICSE})"}

@String{ictl   = "International Conference on Temporal Logic (ICTL)"}

@String{ie     = "InterEditions"}

@String{ifiptcs = "IFIP International Conference on Theoretical Computer
                 Science (TCS)"}

@String{ifl    = "Implementation of Functional Languages (IFL)"}

@String{ifm    = "Integrated Formal Methods"}

@String{ijcai  = "International Joint Conferences on Artificial
                 Intelligence"}

@String{ijcar  = "International Joint Conference on Automated
                 Reasoning"}

@String{ijfcs  = "International Journal of Foundations of Computer
                 Science"}

@String{ipl    = "Information Processing Letters"}

@String{ismm   = "International Symposium on Memory Management"}

@String{issta  = "International Symposium on Software Testing and
                 Analysis (ISSTA)"}

@String{ist    = "Information and Software Technology"}

@String{ita    = "Informatique théorique et applications"}

@String{itp    = "Interactive Theorem Proving (ITP)"}

@String{itrs   = "Workshop on Intersection Types and Related Systems
                 (ITRS)"}

@String{jacm   = "Journal of the {ACM}"}

@String{jar    = "Journal of Automated Reasoning"}

@String{jfla   = "Journées Françaises des Langages Applicatifs
                 (JFLA)"}

@String{jfp    = "Journal of Functional Programming"}

@String{jfr    = "Journal of Formalized Reasoning"}

@String{jlamp  = "Journal of Logical and Algebraic Methods in
                 Programming"}

@String{jlap   = "Journal of Logic and Algebraic Programming"}

@String{jlc    = "Journal of Logic and Computation"}

@String{jlp    = "Journal of Logic Programming"}

@String{jot    = "Journal of Object Technology"}

@String{jsc    = "Journal of Symbolic Computation"}

@String{jucs   = "Journal of Universal Computer Science"}

@String{kluwer = "Kluwer"}

@String{lfm    = "Workshop on Logical Frameworks and Meta-Languages
                 (LFM)"}

@String{lfp    = "ACM Symposium on Lisp and Functional Programming
                 (LFP)"}

@String{lics   = "Logic in Computer Science (LICS)"}

@String{lipics = "{Leibniz} International Proceedings in Informatics"}

@String{lmcs   = "Logical Methods in Computer Science"}

@String{lnai   = "Lecture Notes in Artificial Intelligence"}

@String{lncs   = "Lecture Notes in Computer Science"}

@String{lola   = "Workshop on Syntax and Semantics of Low Level
                 Languages"}

@String{loplas = "ACM Letters on Programming Languages and Systems"}

@String{lpar   = "Logic for Programming Artificial Intelligence and
                 Reasoning (LPAR)"}

@String{lsc    = "Lisp and Symbolic Computation"}

@String{merlin = "ACM Workshop on Mechanized Reasoning about Languages
                 with Variable Binding"}

@String{mfcs   = "International Symposium on Mathematical Foundations of
                 Computer Science"}

@String{mfps   = "Mathematical Foundations of Programming Semantics"}

@String{mitp   = "MIT Press"}

@String{ml     = "ACM Workshop on ML"}

@String{mlapp  = "ACM Workshop on ML and its Applications"}

@String{mpc    = "Mathematics of Program Construction (MPC)"}

@String{mscs   = "Mathematical Structures in Computer Science"}

@String{msfp   = "Workshop on Mathematically Structured Functional
                 Programming (MSFP)"}

@String{ndss   = "Internet Society Symposium on Network and Distributed
                 System Security"}

@String{nfm    = "{NASA} Formal Methods (NFM)"}

@String{njc    = "Nordic Journal of Computing"}

@String{notices = "{ACM} {SIGPLAN} Notices"}

@String{nspw   = "New Security Paradigms Workshop"}

@String{onward = "{ACM} Symposium on New Ideas in Programming and
                 Reflections on Software (Onward!)"}

@String{oopsla = "Object-Oriented Programming, Systems, Languages, and
                 Applications (OOPSLA)"}

@String{oopslacomp = "Companion to Object-Oriented Programming, Systems,
                 Languages, and Applications (OOPSLA)"}

@String{osdi   = "Symposium on Operating Systems Design and
                 Implementation"}

@String{pacmpl = "Proceedings of the ACM on Programming Languages"}

@String{padl   = "Practical Aspects of Declarative Languages (PADL)"}

@String{palgrave = "Palgrave Macmillan"}

@String{pcc    = "International Workshop on Proof-Carrying Code (PCC)"}

@String{pepm   = "{ACM} Workshop on Evaluation and Semantics-Based
                 Program Manipulation ({PEPM})"}

@String{pi     = "Proceedings in Informatics"}

@String{pieee  = "Proceedings of the IEEE"}

@String{pldi   = "{Programming Language Design and Implementation
                 (PLDI)}"}

@String{plilp  = "Programming Languages: Implementations, Logics, and
                 Programs (PLILP)"}

@String{plpv   = "Programming Languages Meets Program Verification
                 (PLPV)"}

@String{popl   = "Principles of Programming Languages ({POPL})"}

@String{ppcp   = "International Workshop on Principles and Practice of
                 Constraint Programming (PPCP)"}

@String{ppdp   = "Principles and Practice of Declarative Programming
                 (PPDP)"}

@String{ppopp  = "Principles and Practice of Parallel Programming
                 (PPoPP)"}

@String{prentice = "Prentice Hall"}

@String{rairo  = "RAIRO Theoretical Informatics and Applications"}

@String{rta    = "Rewriting Techniques and Applications (RTA)"}

@String{sac    = "Symposium on Applied Computing"}

@String{saig   = "International Workshop on Semantics, Applications, and
                 Implementation of Program Generation (SAIG)"}

@String{sas    = "Static Analysis Symposium (SAS)"}

@String{scala  = "Workshop on Scala"}

@String{scam   = "Source Code Analysis and Manipulation (SCAM)"}

@String{scp    = "Science of Computer Programming"}

@String{siamjc = "SIAM Journal on Computing"}

@String{sigops = "ACM Operating Systems Review"}

@String{sle    = "Software Language Engineering"}

@String{snapl  = "Summit on Advances in Programming Languages (SNAPL)"}

@String{soda   = "Symposium on Discrete Algorithms (SODA)"}

@String{sosp   = "Symposium on Operating Systems Principles (SOSP)"}

@String{sp     = "{IEEE} Symposium on Security and Privacy (S\&P)"}

@String{spaa   = "Symposium on Parallelism in Algorithms and
                 Architectures"}

@String{spe    = "Software: Practice and Experience"}

@String{springer = "Springer"}

@String{stoc   = "ACM Symposium on Theory of Computing"}

@String{sttt   = "Software Tools for Technology Transfer"}

@String{surveys = "{ACM} Computing Surveys"}

@String{tacas  = "Tools and Algorithms for Construction and Analysis of
                 Systems (TACAS)"}

@String{tacs   = "International Symposium on Theoretical Aspects of
                 Computer Software (TACS)"}

@String{tams   = "Transactions of the American Mathematical Society"}

@String{taoop  = "Theoretical Aspects Of Object-Oriented Programming:
                 Types, Semantics and Language Design"}

@String{tapos  = "Theory and Practice of Object Systems"}

@String{tapsoft = "Theory and Practice of Software Development
                 ({TAPSOFT})"}

@String{tcs    = "Theoretical Computer Science"}

@String{tcsconf = "IFIP International Conference on Theoretical Computer
                 Science (TCS)"}

@String{tfp    = "Trends in Functional Programming (TFP)"}

@String{tic    = "Types in Compilation (TIC)"}

@String{tissec = "ACM Transactions on Information and System Security"}

@String{tlca   = "Typed Lambda Calculi and Applications (TLCA)"}

@String{tldi   = "Types in Language Design and Implementation (TLDI)"}

@String{tocl   = "ACM Transactions on Computational Logic"}

@String{tods   = "ACM Transactions on Database Systems"}

@String{toplas = "ACM Transactions on Programming Languages and
                 Systems"}

@String{tose   = "IEEE Transactions on Software Engineering"}

@String{tosem  = "ACM Transactions on Software Engineering and
                 Methodology"}

@String{tphol  = "Theorem Proving in Higher Order Logics (TPHOLs)"}

@String{types  = "Types for Proofs and Programs"}

@String{vmcai  = "Verification, Model Checking and Abstract
                 Interpretation (VMCAI)"}

@String{vstte  = "Verified Software: Theories, Tools and Experiments"}

@String{wgp    = "Workshop on Generic Programming"}

@String{wollic = "Workshop on Logic, Language, Information and
                 Computation (WoLLIC)"}

@String{wrla   = "International Workshop on Rewriting Logic and its
                 Applications (WRLA)"}

@String{wsa    = "International Workshop on Static Analysis (WSA)"}

@String{wwv    = "Workshop on Automated Specification and Verification
                 of Web Systems"}
